<?xml version="1.0"?>
<collection xmlns="http://www.loc.gov/MARC21/slim">
  <record>
    <leader>01367nam a2200325 a 4500</leader>
    <controlfield tag="001">cihm_50418</controlfield>
    <controlfield tag="003">CaSfIA</controlfield>
    <controlfield tag="005">20160212203404.0</controlfield>
    <controlfield tag="007">cr||||||||||||</controlfield>
    <controlfield tag="008">861204s1800    enkac   b     000 0aeng d</controlfield>
    <datafield tag="020" ind1=" " ind2=" ">
      <subfield code="a">0665504187</subfield>
    </datafield>
    <datafield tag="035" ind1=" " ind2=" ">
      <subfield code="a">ocn317730995</subfield>
    </datafield>
    <datafield tag="040" ind1=" " ind2=" ">
      <subfield code="a">CaOOCIHM</subfield>
      <subfield code="b">eng</subfield>
      <subfield code="c">CaOOCIHM</subfield>
      <subfield code="d">AEU</subfield>
      <subfield code="d">CaSfIA</subfield>
    </datafield>
    <datafield tag="082" ind1="0" ind2=" ">
      <subfield code="a">809</subfield>
      <subfield code="2">19</subfield>
    </datafield>
    <datafield tag="090" ind1=" " ind2=" ">
      <subfield code="a">FC 02 0203 no. 50418</subfield>
      <subfield code="b">AEU</subfield>
    </datafield>
    <datafield tag="100" ind1="1" ind2=" ">
      <subfield code="a">Ballantyne, R. M.</subfield>
      <subfield code="q">(Robert Michael),</subfield>
      <subfield code="d">1825-1894.</subfield>
    </datafield>
    <datafield tag="245" ind1="1" ind2="3">
      <subfield code="a">An author's adventures, or, Personal reminiscences in book-making</subfield>
      <subfield code="h">[electronic resource] </subfield>
      <subfield code="c">by R.M. Ballantyne.</subfield>
    </datafield>
    <datafield tag="246" ind1="3" ind2="0">
      <subfield code="a">Personal reminiscences in book-making</subfield>
    </datafield>
    <datafield tag="260" ind1=" " ind2=" ">
      <subfield code="a">London :</subfield>
      <subfield code="b">J. Nisbet,</subfield>
      <subfield code="c">[18--?]</subfield>
    </datafield>
    <datafield tag="300" ind1=" " ind2=" ">
      <subfield code="a">3 microfiches (138 fr.) :</subfield>
      <subfield code="b">ill., port.</subfield>
    </datafield>
    <datafield tag="490" ind1="1" ind2=" ">
      <subfield code="a">CIHM/ICMH Microfiche series = CIHM/ICMH collection de microfiches ;</subfield>
      <subfield code="v">no. 50418</subfield>
    </datafield>
    <datafield tag="500" ind1=" " ind2=" ">
      <subfield code="a">Includes list of author's works.</subfield>
    </datafield>
    <datafield tag="533" ind1=" " ind2=" ">
      <subfield code="a">Filmed from a copy of the original publication held by the Seminary of Quebec, Library.</subfield>
      <subfield code="b">Ottawa :</subfield>
      <subfield code="c">Canadian Institute for Historical Microreproductions,</subfield>
      <subfield code="d">1986.</subfield>
    </datafield>
    <datafield tag="534" ind1=" " ind2=" ">
      <subfield code="e">238, 7, [1] p. : ill., port. ; 19 cm.</subfield>
    </datafield>
    <datafield tag="596" ind1=" " ind2=" ">
      <subfield code="a">43</subfield>
    </datafield>
    <datafield tag="600" ind1="1" ind2="0">
      <subfield code="a">Ballantyne, R. M.</subfield>
      <subfield code="q">(Robert Michael),</subfield>
      <subfield code="d">1825-1894.</subfield>
    </datafield>
    <datafield tag="600" ind1="1" ind2="6">
      <subfield code="a">Ballantyne, R. M.</subfield>
      <subfield code="q">(Robert Michael),</subfield>
      <subfield code="d">1825-1894.</subfield>
    </datafield>
    <datafield tag="830" ind1=" " ind2="0">
      <subfield code="a">CIHM/ICMH microfiche series ;</subfield>
      <subfield code="v">no. 50418</subfield>
    </datafield>
    <datafield tag="856" ind1="4" ind2="1">
      <subfield code="u">http://archive.org/details/cihm_50418</subfield>
      <subfield code="z">Free eBook from the Internet Archive</subfield>
    </datafield>
    <datafield tag="856" ind1="4" ind2="2">
      <subfield code="u">http://www.openlibrary.org/books/OL21760546M</subfield>
      <subfield code="z">Additional information and access via Open Library</subfield>
    </datafield>
    <datafield tag="016" ind1=" " ind2=" ">
      <subfield code="a"> 866085378</subfield>
    </datafield>
  </record>
</collection>
